@article{anthropic2022constitutional,
  title={Constitutional AI: Harmlessness from AI feedback},
  author={Bai, Yuntao and Kadavath, Saurabh and Kundu, Sandipan and Askell, Amanda and Kernion, Jackson and Jones, Andy and Chen, Anna and Goldie, Anna and Mirhoseini, Azalia and McKinnon, Cameron and others},
  journal={arXiv preprint arXiv:2212.08073},
  year={2022}
}

@article{kenton2021alignment,
  title={Alignment of language agents},
  author={Kenton, Zachary and Everitt, Tom and Weidinger, Laura and Gabriel, Iason and Mikulik, Vladimir and Irving, Geoffrey},
  journal={arXiv preprint arXiv:2103.14659},
  year={2021}
}

@article{askell2021general,
  title={A general language assistant as a laboratory for alignment},
  author={Askell, Amanda and Bai, Yuntao and Chen, Anna and Drain, Dawn and Ganguli, Deep and Henie, Tom and Jones, Andy and Kernion, Jackson and Lovitt, Liane and Ndousse, Kamal and others},
  journal={arXiv preprint arXiv:2112.00861},
  year={2021}
}

@book{russell2019human,
  title={Human compatible: Artificial intelligence and the problem of control},
  author={Russell, Stuart},
  year={2019},
  publisher={Viking}
}

@article{yudkowsky2016ai,
  title={The AI alignment problem: Why it is hard, and where to start},
  author={Yudkowsky, Eliezer},
  journal={Machine Intelligence Research Institute},
  year={2016}
}

@article{soares2015corrigibility,
  title={Corrigibility},
  author={Soares, Nate and Fallenstein, Benja and Armstrong, Stuart and Yudkowsky, Eliezer},
  journal={Workshops at the Twenty-Ninth AAAI Conference on Artificial Intelligence},
  year={2015}
}

@article{taylor2016quantilizers,
  title={Quantilizers: A safer alternative to maximizers for limited optimization},
  author={Taylor, Jessica},
  journal={Workshops at the Twenty-Ninth AAAI Conference on Artificial Intelligence},
  year={2016}
}

@article{omohundro2008basic,
  title={The basic AI drives},
  author={Omohundro, Stephen M},
  journal={Artificial general intelligence},
  volume={171},
  pages={483--492},
  year={2008}
}

@book{bostrom2014superintelligence,
  title={Superintelligence: Paths, dangers, strategies},
  author={Bostrom, Nick},
  year={2014},
  publisher={Oxford University Press}
}

@article{gabriel2020artificial,
  title={Artificial intelligence, values, and alignment},
  author={Gabriel, Iason},
  journal={Minds and machines},
  volume={30},
  number={3},
  pages={411--437},
  year={2020}
}

@article{hendrycks2023overview,
  title={An overview of catastrophic AI risks},
  author={Hendrycks, Dan and Mazeika, Mantas and Woodside, Thomas},
  journal={arXiv preprint arXiv:2306.12001},
  year={2023}
}

@book{rawls1971theory,
  title={A theory of justice},
  author={Rawls, John},
  year={1971},
  publisher={Harvard University Press}
}

@book{nozick1974anarchy,
  title={Anarchy, state, and utopia},
  author={Nozick, Robert},
  year={1974},
  publisher={Basic Books}
}

@book{kant1785groundwork,
  title={Groundwork for the metaphysics of morals},
  author={Kant, Immanuel},
  year={1785}
}

@book{mill1863utilitarianism,
  title={Utilitarianism},
  author={Mill, John Stuart},
  year={1863}
}

@article{awad2018moral,
  title={The moral machine experiment},
  author={Awad, Edmond and Dsouza, Sohan and Kim, Richard and Schulz, Jonathan and Henrich, Joseph and Shariff, Azim and Bonnefon, Jean-Fran{\c{c}}ois and Rahwan, Iyad},
  journal={Nature},
  volume={563},
  number={7729},
  pages={59--64},
  year={2018}
}

@article{winfield2019machine,
  title={Machine ethics: The design and governance of ethical AI and autonomous systems},
  author={Winfield, Alan FT and Jirotka, Marina},
  journal={Proceedings of the IEEE},
  volume={107},
  number={3},
  pages={509--517},
  year={2019}
}

@book{wallach2008moral,
  title={Moral machines: Teaching robots right from wrong},
  author={Wallach, Wendell and Allen, Colin},
  year={2008},
  publisher={Oxford University Press}
}

@book{deb2001multi,
  title={Multi-objective optimization using evolutionary algorithms},
  author={Deb, Kalyanmoy},
  year={2001},
  publisher={John Wiley \& Sons}
}

@article{zhang2007moea,
  title={MOEA/D: A multiobjective evolutionary algorithm based on decomposition},
  author={Zhang, Qingfu and Li, Hui},
  journal={IEEE Transactions on evolutionary computation},
  volume={11},
  number={6},
  pages={712--731},
  year={2007}
}

@article{barocas2017fairness,
  title={Fairness in machine learning},
  author={Barocas, Solon and Hardt, Moritz and Narayanan, Arvind},
  journal={NIPS Tutorial},
  year={2017}
}

@inproceedings{mitchell2021algorithmic,
  title={Auditing Algorithms: Research Methods for Detecting Discrimination on Internet Platforms},
  author={Sandvig, Christian and Hamilton, Kevin and Karahalios, Karrie and Langbort, Cedric},
  booktitle={Data and Discrimination: Converting Critical Concerns into Productive Inquiry, a preconference at the 64th Annual Meeting of the International Communication Association},
  address={Seattle, WA},
  year={2014},
  note={Presented at the 64th Annual Meeting of the International Communication Association, Seattle, WA}
}
}

@article{hendrycks2020measuring,
  title={Measuring massive multitask language understanding},
  author={Hendrycks, Dan and Burns, Collin and Basart, Steven and Zou, Andy and Mazeika, Mantas and Song, Dawn and Steinhardt, Jacob},
  journal={arXiv preprint arXiv:2009.03300},
  year={2020}
}

@article{srivastava2022beyond,
  title={Beyond the imitation game: Quantifying and extrapolating the capabilities of language models},
  author={Srivastava, Aarohi and Rastogi, Abhinav and Rao, Abhishek and Shoeb, Abu Awal Md and Abid, Abubakar and Fisch, Adam and Brown, Adam R and Santoro, Adam and Stuhlm{\"u}ller, Andreas and Kocurek, Alexander and others},
  journal={arXiv preprint arXiv:2206.04615},
  year={2022}
}

@article{rae2021scaling,
  title={Scaling language models: Methods, analysis \& insights from training gopher},
  author={Rae, Jack W and Borgeaud, Sebastian and Cai, Trevor and Millican, Katie and Hoffmann, Jordan and Song, Francis and Aslanides, John and Henderson, Sarah and Ring, Roman and Young, Susannah and others},
  journal={arXiv preprint arXiv:2112.11446},
  year={2021}
}

@article{gehman2020realtoxicityprompts,
  title={RealToxicityPrompts: Evaluating neural toxic degeneration in language models},
  author={Gehman, Samuel and Gururangan, Suchin and Sap, Maarten and Choi, Yejin and Smith, Noah A},
  journal={Findings of the Association for Computational Linguistics: EMNLP 2020},
  pages={3356--3369},
  year={2020}
}

@article{jin2022moral,
  title={When to make exceptions: Exploring language models as accounts of human moral judgment},
  author={Jin, Zhijing and Levine, Sydney and Gonzalez, Fernando and Turc, Iulia and Albrecht, Wieke and Mihalcea, Rada and others},
  journal={Advances in Neural Information Processing Systems},
  volume={35},
  pages={28458--28473},
  year={2022}
}

@article{emelin2021moral,
  title={Moral stories: Situated reasoning about norms, intents, actions, and their consequences},
  author={Emelin, Denis and Le Bras, Ronan and Hwang, Jena D and Forbes, Maxwell and Choi, Yejin},
  journal={Proceedings of the 2021 Conference on Empirical Methods in Natural Language Processing},
  pages={698--718},
  year={2021}
}

@article{aroyo2015truth,
  title={Truth is a lie: Crowd truth and the seven myths of human annotation},
  author={Aroyo, Lora and Welty, Chris},
  journal={AI Magazine},
  volume={36},
  number={1},
  pages={15--24},
  year={2015}
}

@article{floridi2019translating,
  title={Translating uncertainty into explainable AI},
  author={Floridi, Luciano and Cowls, Josh and Beltrametti, Monica and Chatila, Raja and Chazerand, Patrice and Dignum, Virginia and Luetge, Christoph and Madelin, Robert and Pagallo, Ugo and Rossi, Francesca and others},
  journal={AI \& Society},
  volume={34},
  number={4},
  pages={1-12},
  year={2019}
}

@article{jobin2019global,
  title={The global landscape of AI ethics guidelines},
  author={Jobin, Anna and Ienca, Marcello and Vayena, Effy},
  journal={Nature machine intelligence},
  volume={1},
  number={9},
  pages={389--399},
  year={2019}
}

@article{bonnefon2016social,
  title={The social dilemma of autonomous vehicles},
  author={Bonnefon, Jean-Fran{\c{c}}ois and Shariff, Azim and Rahwan, Iyad},
  journal={Science},
  volume={352},
  number={6293},
  pages={1573--1576},
  year={2016}
}

@article{winfield2021review,
  title={A review of machine ethics},
  author={Winfield, Alan FT and Michael, Katina and Pitt, Jeremy and Evers, Vanessa},
  journal={IEEE Transactions on Technology and Society},
  volume={2},
  number={4},
  pages={186--200},
  year={2021}
}

@article{greene2001emotional,
  title={An fMRI investigation of emotional engagement in moral judgment},
  author={Greene, Joshua D and Sommerville, R Brian and Nystrom, Leigh E and Darley, John M and Cohen, Jonathan D},
  journal={Science},
  volume={293},
  number={5537},
  pages={2105--2108},
  year={2001}
}

@article{haidt2001emotional,
  title={The emotional dog and its rational tail: a social intuitionist approach to moral judgment},
  author={Haidt, Jonathan},
  journal={Psychological review},
  volume={108},
  number={4},
  pages={814},
  year={2001}
}

@article{christiano2017deep,
  title={Deep reinforcement learning from human preferences},
  author={Christiano, Paul F and Leike, Jan and Brown, Tom and Martic, Miljan and Legg, Shane and Amodei, Dario},
  journal={Advances in neural information processing systems},
  volume={30},
  year={2017}
}

@article{stiennon2020learning,
  title={Learning to summarize with human feedback},
  author={Stiennon, Nisan and Ouyang, Long and Wu, Jeffrey and Ziegler, Daniel and Lowe, Ryan and Voss, Chelsea and Radford, Alec and Amodei, Dario and Christiano, Paul F},
  journal={Advances in Neural Information Processing Systems},
  volume={33},
  pages={3008--3021},
  year={2020}
}

@article{menick2022teaching,
  title={Teaching language models to support answers with verified quotes},
  author={Menick, Jacob and Trebacz, Maja and Mikulik, Vladimir and Aslanides, John and Song, Francis and Chadwick, Martin and Glaese, Mia and Young, Susannah and Campbell-Gillingham, Lucy and Irving, Geoffrey and others},
  journal={arXiv preprint arXiv:2203.11147},
  year={2022}
}

@article{evans2021truthful,
  title={TruthfulQA: Measuring how models mimic human falsehoods},
  author={Evans, Stephanie and Evans, Owen and Irving, Geoffrey and Sundaram, Saurav and Brown, Tom B and others},
  journal={Proceedings of the 60th Annual Meeting of the Association for Computational Linguistics (Volume 1: Long Papers)},
  pages={3214--3252},
  year={2021}
}

@article{christiano2021eliciting,
  title={Eliciting latent knowledge: How to tell if your eyes deceive you},
  author={Christiano, Paul and Cotra, Ajeya and Xu, Mark},
  journal={AI Alignment Forum},
  year={2021}
}

@article{ganguli2022red,
  title={Red teaming language models to reduce harms: Methods, scaling behaviors, and lessons learned},
  author={Ganguli, Deep and Lovitt, Liane and Kernion, Jackson and Askell, Amanda and Bai, Yuntao and Kadavath, Saurabh and Mann, Ben and Perez, Ethan and Schiefer, Nicholas and Ndousse, Kamal and others},
  journal={arXiv preprint arXiv:2209.07858},
  year={2022}
}

@article{ouyang2022training,
  title={Training language models to follow instructions with human feedback},
  author={Ouyang, Long and Wu, Jeffrey and Jiang, Xu and Almeida, Diogo and Wainwright, Carroll and Mishkin, Pamela and Zhang, Chong and Agarwal, Sandhini and Slama, Katarina and Ray, Alex and others},
  journal={Advances in Neural Information Processing Systems},
  volume={35},
  pages={27730--27744},
  year={2022}
}